@misc{bworld,
	author = {Richard Anderson},
	title = {{Pharmaceutical Industry Gets High on Fat Profits}},
	howpublished = "\url{http://www.bbc.com/news/business-28212223}",
	year = {2014}, 
	note = "[Online; accessed 16-Jan-2015]"
}